@article{buhlerExactCategories2010a,
  title = {Exact Categories},
  author = {B{\"u}hler, Theo},
  year = {2010},
  month = jan,
  journal = {Expositiones Mathematicae},
  volume = {28},
  number = {1},
  pages = {1--69},
  issn = {0723-0869},
  doi = {10.1016/j.exmath.2009.04.004},
  urldate = {2025-09-08},
  abstract = {We survey the basics of homological algebra in exact categories in the sense of Quillen. All diagram lemmas are proved directly from the axioms, notably the five lemma, the 3{\texttimes}3-lemma and the snake lemma. We briefly discuss exact functors, idempotent completion and weak idempotent completeness. We then show that it is possible to construct the derived category of an exact category without any embedding into abelian categories and we sketch Deligne's approach to derived functors. The construction of classical derived functors with values in an abelian category painlessly translates to exact categories, i.e., we give proofs of the comparison theorem for projective resolutions and the horseshoe lemma. After discussing some examples we elaborate on Thomason's proof of the Gabriel--Quillen embedding theorem in an appendix.},
  keywords = {Derived categories,Derived functors,Diagram lemmas,Embedding theorems,Exact categories,Homological algebra},
  file = {D\:\\GitHub\\storage\\IMHA7JUI\\BÃ¼hler - 2010 - Exact categories.pdf;D\:\\GitHub\\storage\\Z2YJ6RQU\\S0723086909000395.html}
}

@incollection{kellerDerivedCategoriesTheir1996a,
  title = {Derived {{Categories}} and {{Their Uses}}},
  booktitle = {Handbook of {{Algebra}}},
  author = {Keller, Bernhard},
  year = {1996},
  volume = {1},
  pages = {671--701},
  publisher = {Elsevier},
  doi = {10.1016/S1570-7954(96)80023-4},
  urldate = {2025-08-02},
  copyright = {https://www.elsevier.com/tdm/userlicense/1.0/},
  isbn = {978-0-444-82212-3},
  langid = {english},
  file = {D:\GitHub\storage\3NM29TQF\Keller - 1996 - Derived Categories and Their Uses.pdf}
}

@misc{buhlerElementaryConsiderationsExact,
  title = {Some Elementary Considerations in Exact Categories},
  author = {Buhler, Theo and Kunzer, Matthias},
  langid = {english},
  file = {D:\GitHub\storage\D7KJ3ZAF\Buhler and Kunzer - Some elementary considerations in exact categories.pdf}
}

@book{mitchellTheoryCategories1965,
  title = {Theory of {{Categories}}},
  author = {Mitchell, Barry},
  year = {1965},
  publisher = {Academic Press},
  abstract = {Category theory has provided the foundations for many of the twentieth century's greatest advances in pure mathematics. It introduces the essential concepts of category theory: categories, functors, natural transformations, limits and colimits, adjunctions, and other topics. The categorical perspective provides tools for understanding and attacking difficult problems in algebra, number theory, algebraic geometry, and algebraic topology.},
  googlebooks = {zA2oAAAAIAAJ},
  isbn = {978-0-12-499250-4},
  langid = {english},
  keywords = {Mathematics / Group Theory}
}

@book{AST_1996__239__R1_0,
     author = {Verdier, Jean-Louis},
     title = {Des cat\'egories d\'eriv\'ees des cat\'egories ab\'eliennes},
     series = {Ast\'erisque},
     publisher = {Soci\'et\'e math\'ematique de France},
     number = {239},
     year = {1996},
     mrnumber = {1453167},
     zbl = {0882.18010},
     language = {fr},
     url = {https://www.numdam.org/item/AST_1996__239__R1_0/}
}

@book{neemanTriangulatedCategories2001,
  title = {Triangulated Categories},
  author = {Neeman, Amnon},
  year = {2001},
  series = {Annals of Mathematics Studies},
  number = {no. 148},
  publisher = {Princeton University Press},
  address = {Princeton},
  isbn = {978-0-691-08685-9 978-0-691-08686-6},
  lccn = {QA1 QA169 .A626 no. 148},
  keywords = {Categories (Mathematics)},
  file = {D:\GitHub\storage\YS9T4WX5\Neeman - 2001 - Triangulated categories.pdf}
}

@misc{TriangulatedJPMay,
  title = {The Axioms for Triangulated Categories},
  author = {May, John P.},
  year = {},
  url = {https://www.math.uchicago.edu/~may/MISC/Triangulate.pdf}
}

@misc{TriangulatedDMurfet,
  title = {Triangulated Categories Part I},
  author = {Murfet, Daniel},
  year = {2007},
  month = {April},
  url = {http://therisingsea.org/notes/TriangulatedCategories.pdf}
}

@article{neemanNewAxiomsTriangulated1991,
  title = {Some New Axioms for Triangulated Categories},
  author = {Neeman, Amnon},
  year = {1991},
  month = may,
  journal = {Journal of Algebra},
  volume = {139},
  number = {1},
  pages = {221--255},
  issn = {0021-8693},
  doi = {10.1016/0021-8693(91)90292-G},
  urldate = {2025-09-08}
}

@misc{BasicConceptsEnriched,
  title = {Basic {{Concepts}} of {{Enriched Category Theory}}},
  author = {Kelly, G. M.},
  urldate = {2025-09-09},
  howpublished = {http://www.tac.mta.ca/tac/reprints/articles/10/tr10abs.html},
  file = {D:\GitHub\storage\JBCSWFR4\tr10abs.html}
}

@article {MR225854,
    AUTHOR = {Yoneda, Nobuo},
     TITLE = {On {E}xt and exact sequences},
   JOURNAL = {J. Fac. Sci. Univ. Tokyo Sect. I},
  FJOURNAL = {Journal of the Faculty of Science. University of Tokyo.
              Section I},
    VOLUME = {8},
      YEAR = {1960},
     PAGES = {507--576},
      ISSN = {0368-2269},
   MRCLASS = {18.20},
  MRNUMBER = {225854},
MRREVIEWER = {G.\ S.\ Rinehart},
}

@article{nakaoka:hal-02136919,
  TITLE = {{Extriangulated categories, Hovey twin cotorsion pairs and model structures}},
  AUTHOR = {Nakaoka, Hiroyuki and Palu, Yann},
  URL = {https://hal.science/hal-02136919},
  NOTE = {arXiv title ''Mutation via Hovey twin cotorsion pairs and model structures in extriangulated categories''},
  JOURNAL = {{Cahiers de topologie et g{\'e}om{\'e}trie diff{\'e}rentielle cat{\'e}goriques}},
  PUBLISHER = {{Inconnu}},
  VOLUME = {LX},
  NUMBER = {2},
  PAGES = {117--193},
  YEAR = {2019},
  KEYWORDS = {mutation ; localisation ; model structures ; cotorsion pairs ; triangulatedcategories ; Quillen exact categories ; Extriangulated categories},
  HAL_ID = {hal-02136919},
  HAL_VERSION = {v1},
}
